@inproceedings{Cook1971,
  author    = {S. A. Cook},
  title     = {The complexity of theorem-proving procedures},
  booktitle = {STOC '71},
  year      = {1971}
}

@article{Godel1931,
  author  = {K. Gödel},
  title   = {\"Uber formal unentscheidbare Sätze der Principia Mathematica und verwandter Systeme I},
  journal = {Monatshefte f\"ur Mathematik und Physik},
  year    = {1931}
}

@article{Lamport1978,
  author  = {L. Lamport},
  title   = {Time, clocks, and the ordering of events in a distributed system},
  year    = {1978}
}

@unpublished{Houk2025Timeproof,
  author = {N. J. Houk},
  title  = {Timeproof: A Protocol for Probabilistic Verification via Blockchain Timestamps},
  year   = {2025},
  note   = {Unpublished}
}

@article{Deutsch1985,
  author  = {D. Deutsch},
  title   = {Quantum theory, the Church-Turing principle and the universal quantum computer},
  year    = {1985}
} 