@inproceedings{Cook1971,
  author    = {S. A. Cook},
  title     = {The complexity of theorem-proving procedures},
  booktitle = {STOC '71},
  year      = {1971}
}

@article{Godel1931,
  author  = {K. G{\"o}del},
  title   = {{\"U}ber formal unentscheidbare S{\"a}tze der Principia Mathematica und verwandter Systeme I},
  journal = {Monatshefte f{\"u}r Mathematik und Physik},
  volume  = {38},
  pages   = {173-198},
  year    = {1931}
}

@misc{proofofexistence,
  author       = {Proof of Existence},
  title        = {A service to anonymously and securely store proof of existence of documents},
  howpublished = {\url{https://proofofexistence.com}},
  year         = {2013}
}

@misc{Nakamoto2008,
  author       = {Satoshi Nakamoto},
  title        = {Bitcoin: A Peer-to-Peer Electronic Cash System},
  year         = {2008},
  howpublished = {\url{https://bitcoin.org/bitcoin.pdf}}
}

@article{HaberStornetta1991,
  author  = {S. Haber and W. S. Stornetta},
  title   = {How to Time-Stamp a Digital Document},
  journal = {Journal of Cryptology},
  volume  = {3},
  number  = {2},
  pages   = {99-111},
  year    = {1991}
}

@article{BayerHaberStornetta1993,
  author  = {D. Bayer and S. Haber and W. S. Stornetta},
  title   = {Improving the Efficiency and Reliability of Digital Time-Stamping},
  journal = {Sequences II: Methods in Communication, Security, and Computer Science},
  year    = {1993}
}

@article{BabaiMoran1988,
  author  = {L. Babai and S. Moran},
  title   = {Arthur-Merlin Games: A Randomized Proof System, and a Hierarchy of Complexity Classes},
  journal = {Journal of Computer and System Sciences},
  volume  = {36},
  number  = {2},
  pages   = {254-276},
  year    = {1988}
}

@inproceedings{BonehNaor2000,
  author    = {D. Boneh and M. Naor},
  title     = {Timed Commitments},
  booktitle = {Advances in Cryptology – CRYPTO 2000},
  series    = {Lecture Notes in Computer Science},
  volume    = {1880},
  pages     = {236-254},
  year      = {2000}
}

@article{DiffieHellman1976,
  author = {Diffie, W. and Hellman, M.},
  title  = {New Directions in Cryptography},
  journal = {IEEE Transactions on Information Theory},
  volume  = {22},
  number  = {6},
  pages   = {644-654},
  year    = {1976}
}

@article{Merkle1980,
  author  = {R. C. Merkle},
  title   = {Protocols for Public Key Cryptosystems},
  journal = {IEEE Symposium on Security and Privacy},
  pages   = {122-133},
  year    = {1980},
  url     = {https://www.merkle.com/papers/Protocols.pdf}
}

@incollection{BlakeSeroussiSmart1999,
  author    = {I. Blake and G. Seroussi and N. Smart},
  title     = {Advances in Elliptic Curve Cryptography},
  booktitle = {London Mathematical Society Lecture Note Series},
  publisher = {Cambridge University Press},
  year      = {1999}
}

@article{GoldwasserMicaliRackoff1989,
  author  = {S. Goldwasser and S. Micali and C. Rackoff},
  title   = {The Knowledge Complexity of Interactive Proof Systems},
  journal = {SIAM Journal on Computing},
  volume  = {18},
  number  = {1},
  pages   = {186-208},
  year    = {1989}
}

@inproceedings{ChaumEtAl1988,
  author = {Chaum, D. and Crépeau, C. and Damgård, I.},
  title  = {Multiparty Unconditionally Secure Protocols},
  booktitle = {Proceedings of the 20th Annual ACM Symposium on Theory of Computing},
  pages  = {11-19},
  year   = {1988}
}

@misc{HisanoSornette2012,
  author = {Hisano, R. and Sornette, D.},
  title  = {On the Distribution of Time-to-Proof of Mathematical Conjectures},
  year   = {2012},
  url    = {https://arxiv.org/abs/1202.3936}
}

@article{GhoshAdhikaryPaul2017,
  author = {Ghosh, S. and Adhikary, A. and Paul, G.},
  title  = {Revisiting Integer Factorization using Closed Timelike Curves},
  year   = {2017},
  url    = {https://arxiv.org/abs/1708.03508}
}

@inproceedings{BonehBunzFisch2018,
  author    = {D. Boneh and B. Bunz and B. Fisch},
  title     = {Verifiable Delay Functions},
  booktitle = {Advances in Cryptology – CRYPTO 2018},
  pages     = {757-788},
  year      = {2018}
}

@incollection{Karp1972,
  author = {Karp, R. M.},
  title  = {Reducibility Among Combinatorial Problems},
  booktitle = {Complexity of Computer Computations},
  pages  = {85-103},
  publisher = {Springer},
  year   = {1972}
}

@article{Turing1936,
  author  = {A. M. Turing},
  title   = {On Computable Numbers, with an Application to the Entscheidungsproblem},
  journal = {Proceedings of the London Mathematical Society},
  volume  = {42},
  pages   = {230-265},
  year    = {1936}
}

@article{ImpagliazzoPaturi2001,
  author  = {R. Impagliazzo and R. Paturi},
  title   = {On the Complexity of k-SAT},
  journal = {Journal of Computer and System Sciences},
  volume  = {62},
  number  = {2},
  pages   = {367-375},
  year    = {2001}
}

@article{Church1936,
  author  = {A. Church},
  title   = {An Unsolvable Problem of Elementary Number Theory},
  journal = {American Journal of Mathematics},
  volume  = {58},
  number  = {2},
  pages   = {345-363},
  year    = {1936}
}

@article{Lloyd2000,
  author  = {S. Lloyd},
  title   = {Ultimate Physical Limits to Computation},
  journal = {Nature},
  volume  = {406},
  pages   = {1047-1054},
  year    = {2000}
}

@incollection{Aaronson2013,
  author = {Aaronson, S.},
  title  = {Why Philosophers Should Care About Computational Complexity},
  booktitle = {Computability: Turing, Gödel, Church, and Beyond},
  pages  = {261–327},
  publisher = {MIT Press},
  year   = {2013}
}

@article{Landauer1961,
  author = {Landauer, R.},
  title  = {Irreversibility and Heat Generation in the Computing Process},
  journal = {IBM Journal of Research and Development},
  volume = {5},
  number = {3},
  pages  = {183–191},
  year   = {1961}
}

@article{Bekenstein1981,
  author = {Bekenstein, J. D.},
  title  = {Universal Upper Bound on the Entropy-to-Energy Ratio for Bounded Systems},
  journal = {Physical Review D},
  volume = {23},
  number = {2},
  pages  = {287–298},
  year   = {1981}
}

@article{Shannon1948,
  author = {Shannon, C. E.},
  title  = {A Mathematical Theory of Communication},
  journal = {Bell System Technical Journal},
  volume = {27},
  number = {3},
  pages  = {379–423},
  year   = {1948}
}

@article{Feynman1982,
  author = {Feynman, R. P.},
  title  = {Simulating Physics with Computers},
  journal = {International Journal of Theoretical Physics},
  volume = {21},
  number = {6–7},
  pages  = {467–488},
  year   = {1982}
}

@book{Roughgarden2016,
  author    = {T. Roughgarden},
  title     = {Twenty Lectures on Algorithmic Game Theory},
  publisher = {Cambridge University Press},
  year      = {2016}
}

@misc{Housley2015,
  author       = {R. Housley},
  title        = {Guidelines for Cryptographic Algorithm Agility},
  year         = {2015},
  note         = {RFC 7696},
  howpublished = {\url{https://tools.ietf.org/html/rfc7696}}
}

@book{AndersenBorgan1997,
  author    = {P. K. Andersen and Ø. Borgan},
  title     = {Statistical Models Based on Counting Processes},
  publisher = {Springer},
  year      = {1997}
}

@book{Kleinbaum2012,
  author    = {D. G. Kleinbaum and M. Klein},
  title     = {Survival Analysis: A Self-Learning Text},
  publisher = {Springer},
  edition   = {3rd},
  year      = {2012}
}

@misc{MLDSA2022,
  author = {Ducas, E. and others},
  title = {CRYSTALS-Dilithium: Algorithm Specifications},
  year = {2022},
  note = {NIST PQC Standard}
}

@misc{opentimestamps,
  author       = {OpenTimestamps},
  title        = {OpenTimestamps: A timestamping proof standard},
  howpublished = {\url{https://opentimestamps.org}},
  year         = {2016}
}

@article{BlumEtAl1986,
  author    = {Manuel Blum and Lenore Blum and Michael Shub},
  title     = {A Simple Unpredictable Pseudo-Random Number Generator},
  journal   = {SIAM Journal on Computing},
  volume    = {15},
  number    = {2},
  pages     = {364--382},
  year      = {1986}
}